
%ZÁKONY A VYHLÁŠKY
@report{zakon1312002,
  title = {Zákon č. 131/2002 Z.~z. z~21. februára 2002 o~vysokých školách a~o~zmene a~doplnení niektorých zákonov},
  url = {https://www.slov-lex.sk/static/pdf/2002/131/ZZ_2002_131_20240901.pdf},
  urldate = {2024-09-01},
  year = {2002},
}

@report{vyhlaska2332011,
  title = {Vyhláška č.~233/2011 Z.~z. Ministerstva školstva, vedy, výskumu a~športu Slovenskej republiky z~1. júla 2011, ktorou sa vykonávajú niektoré ustanovenia zákona č. 131/2002 Z.~z. o~vysokých školách a~o~zmene a~doplnení niektorých zákonov v~znení neskorších predpisov},
  year = {2011},
  url = {https://www.slov-lex.sk/static/pdf/2011/233/ZZ_2011_233_20201015.pdf},
  urldate = {2024-09-01},
}

@report{usmernenie562011,
  title = {Metodické usmernenie Ministerstva školstva, vedy, výskumu a~športu SR č. 56/2011 o~náležitostiach záverečných prác, ich bibliografickej registrácii, kontrole originality, uchovávaní a~sprístupňovaní č. 2011-11513/31015:4-071},
  url = {https://www.minedu.sk/metodicke-usmernenie-c-562011-o-nalezitostiach-zaverecnych-prac-ich-bibliografickej-registracii-uchovavani-a-spristupnovani/},
  urldate = {2024-09-24},
  year = {2011},
}

@report{opatrenie12024,
  title = {Opatrenie číslo 1/2024–O. Používanie umelej inteligencie na Slovenskej technickej univerzite v~Bratislave},
  url = {https://www.stuba.sk/buxus/docs/stu/pracoviska/rektorat/odd_pravne_organizacne/28.11.2024%20opatrenie_AI-signed.pdf},
  urdate = {2024-12-31},
  date = {2024-11-27},
}

%NORMY
@report{stn016910,
  title = {STN 01 6910: 2023. Pravidlá písania a~úpravy písomností},
  address = {Bratislava},
  publisher = {Slovenský ústav technickej normalizácie},
  year = {2023},
}

@report{iso690,
  title = {STN ISO 690: 2022. Informácie a dokumentácia},
  subtitle = {Návod na tvorbu bibliografických odkazov na informačné pramene a~ich citovanie},
  address = {Bratislava},
  publisher = {Slovenský ústav technickej normalizácie},
  year = {2022},
}

@report{iso214,
  title = {STN ISO 214: 1976. Dokumentácia},
  subtitle = {Abstrakty (referáty) pre publikácie a~dokumentáciu},
  address = {Bratislava},
  publisher = {Slovenský ústav technickej normalizácie},
  year = {1976},
}

@report{iso2145,
  title = {STN ISO 2145: 1978. Dokumentácia},
  subtitle = {Číslovanie oddielov a~pododdielov písaných dokumentov},
  address = {Bratislava},
  publisher = {Slovenský ústav technickej normalizácie},
  year = {1978},
}

@report{iso800001,
  title = {STN EN ISO 80000-1: 2024. Veličiny a jednotky},
  subtitle = {Časť 1: Všeobecne},
  address = {Bratislava},
  publisher = {Slovenský ústav technickej normalizácie},
  year = {2024},
}

@report{iso800002,
  title = {STN EN ISO 80000-2: 2022. Veličiny a jednotky},
  subtitle = {Časť 1: Matematika},
  address = {Bratislava},
  publisher = {Slovenský ústav technickej normalizácie},
  year = {2022},
}

%Publikácie
@manual{Hoftich2022iso690,
  author = {Michal Hoftich},
  title = {ISO 690 biblatex style},
  url = {https://mirrors.ibiblio.org/CTAN/macros/latex/contrib/biblatex-contrib/biblatex-iso690/biblatex-iso690.pdf},
  urldate = {2025-12-15},
  date = {2022-03-20},
  version = {0.4.1}
}

@book{Rybicka2003Latex,
  author = {Jiří Rybička},
  title = {\LaTeX\ pro začatečníky},
  publisher = {Konvoj},
  year = {2003},
  edition = {3},
  isbn = {80-7302-049-1}
}

@article{Lichnerova2023Nove,
  author = {Beáta Bellérová and Lucia Lichnerová},
  title = {Nové pravidlá citovania podľa ISO 690 z~roku 2021},
  journal = {ITlib. Informačné technológie a knižnice},
  volume = {3--4},
  year = {2023},
  pages = {10--22},
  doi = {10.52036/1335793X.2023.3-4.10-22},
  urldate = {2024-09-06},
}

@book{Olsak2001Texbook,
  author = {Peter Olšák},
  title = {\TeX book naruby},
  year = {2001},
  edition = {2},
  publisher = {Konvoj},
  isbn = {80-7302-007-6},
  url = {https://petr.olsak.net/tbn.html},
  urldate = {2024-12-31}
}